@misc{MuParser,
  title = {MuParser main page},
  howpublished = "http://beltoforion.de/article.php?a=muparser",
  note = "[Online; accessed 20-May-2017]"
}

@misc{MuParserFeatures,
  title = {MuParser features overview},
  howpublished = "http://beltoforion.de/article.php?a=muparser&p=features",
  note = "[Online; accessed 20-May-2017]"
}

@misc{OptymailzacjaWielokryterialna,
  author = {Dr Ewa Szlachcic},
  title = {{Optymailzacja wielokryterialna}},
  howpublished = "http://staff.iiar.pwr.wroc.pl/ewa.szlachcic/materialy%20dydaktyczne/air_studia_2_stopnia/metody_optymalizacji_wielokryterialnej_Mlynek.pdf",
  note = "[Online; accessed 20-May-2017]"
}
